@BOOK{Michette2013,
	AUTHOR = {Michette, Alan G. AND Morrison, Graeme R. AND Buckley, Christopher J.},
	YEAR = {2013},
	TITLE = {X-Ray Microscopy III - Proceedings of the Third International Conference, London, September 3â€“7, 1990},
	EDITION = {},
	ISBN = {978-3-540-46887-5},
	PUBLISHER = {Springer},
	ADDRESS = {Berlin, Heidelberg},
}

